<record><leader>00000cas a22000001a 4500</leader><controlfield tag="001">32916436</controlfield><controlfield tag="007">hd afb018baca</controlfield><controlfield tag="007">hd bfb018baaa</controlfield><controlfield tag="008">950803u1917uuuunyuwn nea     0   c0rusoc</controlfield><datafield ind1=" " ind2=" " tag="010"><subfield code="a">sn 94093971 </subfield></datafield><datafield ind1=" " ind2=" " tag="040"><subfield code="a">NN</subfield><subfield code="b">eng</subfield><subfield code="c">RQM</subfield><subfield code="d">OCLCQ</subfield><subfield code="d">OCLCF</subfield><subfield code="d">OCLCO</subfield></datafield><datafield ind1=" " ind2=" " tag="012"><subfield code="i">9508</subfield></datafield><datafield ind1="1" ind2=" " tag="022"><subfield code="a">0036-0406</subfield><subfield code="l">0036-0406</subfield><subfield code="2">1</subfield></datafield><datafield ind1="1" ind2=" " tag="029"><subfield code="a">AU@</subfield><subfield code="b">000025860103</subfield></datafield><datafield ind1=" " ind2=" " tag="032"><subfield code="a">473700</subfield><subfield code="b">USPS</subfield></datafield><datafield ind1=" " ind2=" " tag="037"><subfield code="b">Russky Golos, 130 E. 16 Str., New York, NY 10003</subfield></datafield><datafield ind1="1" ind2=" " tag="041"><subfield code="a">ruseng</subfield><subfield code="h">rus</subfield></datafield><datafield ind1=" " ind2=" " tag="042"><subfield code="a">pcc</subfield></datafield><datafield ind1="0" ind2=" " tag="130"><subfield code="a">Russkii&#774; golos (New York, N.Y. : 1917)</subfield></datafield><datafield ind1=" " ind2="0" tag="222"><subfield code="a">Russkii&#774; golos</subfield><subfield code="b">(New York, N.Y.)</subfield></datafield><datafield ind1="0" ind2="0" tag="245"><subfield code="a">Russkii&#774; golos</subfield><subfield code="h">[microform] =</subfield><subfield code="b">Russian voice = Russky golos.</subfield></datafield><datafield ind1="3" ind2="1" tag="246"><subfield code="a">Russian voice</subfield></datafield><datafield ind1="3" ind2="1" tag="246"><subfield code="a">Russky golos</subfield></datafield><datafield ind1=" " ind2=" " tag="260"><subfield code="a">Ni&#769;&#65056;u&#65057;-I&#774;ork [i.e. New York, N.Y.] :</subfield><subfield code="b">Russky Golos Pub. Corp.,</subfield><subfield code="c">1917-</subfield></datafield><datafield ind1=" " ind2=" " tag="300"><subfield code="a">v. :</subfield><subfield code="b">ill. ;</subfield><subfield code="c">57 cm.</subfield></datafield><datafield ind1=" " ind2=" " tag="310"><subfield code="a">Weekly (except 3 weeks in Aug.),</subfield><subfield code="b">1963-</subfield></datafield><datafield ind1=" " ind2=" " tag="321"><subfield code="a">Daily (except Sun.),</subfield><subfield code="b">1917-1963</subfield></datafield><datafield ind1="0" ind2=" " tag="362"><subfield code="a">Vol. 1, no. 1 (Feb. 1, 1917)-</subfield></datafield><datafield ind1=" " ind2=" " tag="546"><subfield code="a">In Russian with some English translations.</subfield></datafield><datafield ind1=" " ind2=" " tag="533"><subfield code="a">Microfilm.</subfield><subfield code="m">Feb. 1,1917-1987.</subfield><subfield code="b">New York :</subfield><subfield code="c">New York Public Library,</subfield><subfield code="d">[19--].</subfield><subfield code="e">61 microfilm reels ; 35 mm.</subfield></datafield><datafield ind1=" " ind2="0" tag="650"><subfield code="a">Russians</subfield><subfield code="z">United States</subfield><subfield code="v">Newspapers.</subfield></datafield><datafield ind1=" " ind2="4" tag="651"><subfield code="a">New York (N.Y.)</subfield><subfield code="v">Newspapers.</subfield></datafield><datafield ind1=" " ind2="7" tag="655"><subfield code="a">Newspapers.</subfield><subfield code="2">fast</subfield><subfield code="0">(OCoLC)fst01423814</subfield></datafield><datafield ind1=" " ind2="7" tag="650"><subfield code="a">Russians.</subfield><subfield code="2">fast</subfield><subfield code="0">(OCoLC)fst01102429</subfield></datafield><datafield ind1=" " ind2="7" tag="651"><subfield code="a">United States.</subfield><subfield code="2">fast</subfield><subfield code="0">(OCoLC)fst01204155</subfield></datafield><datafield ind1=" " ind2=" " tag="752"><subfield code="a">United States</subfield><subfield code="b">New York</subfield><subfield code="c">New York</subfield><subfield code="d">New York.</subfield></datafield><datafield ind1="1" ind2=" " tag="776"><subfield code="c">Original</subfield><subfield code="w">(DLC)sn 78004144</subfield></datafield><datafield ind1="0" ind2="5" tag="785"><subfield code="t">Novyi&#774; mir</subfield><subfield code="g">Sept. 15, 1938</subfield><subfield code="w">(DLC)sn 94093612</subfield></datafield><datafield ind1=" " ind2=" " tag="850"><subfield code="a">NN</subfield><subfield code="a">NN (master)</subfield></datafield></record>